@inproceedings{karafotias,
 author = {Karafotias, Giorgos and Eiben, Agoston Endre and Hoogendoorn, Mark},
 title = {Generic Parameter Control with Reinforcement Learning},
 booktitle = {Proceedings of the 2014 Conference on Genetic and Evolutionary Computation},
 series = {GECCO '14},
 year = {2014},
 location = {Vancouver, BC, Canada},
 pages = {1319--1326},
 address = {New York, NY, USA},
}

@inproceedings{utree,
 author = {Uther, William T. B. and Veloso, Manuela M.},
 title = {Tree Based Discretization for Continuous State Space Reinforcement Learning},
 booktitle = {Proceedings of the Fifteenth National/Tenth Conference on Artificial Intelligence/Innovative Applications of Artificial Intelligence},
 series = {AAAI '98/IAAI '98},
 year = {1998},
 location = {Madison, Wisconsin, USA},
 pages = {769--774},
 address = {Menlo Park, CA, USA},
} 

@inproceedings{earpc,
 author = {Aleti, Aldeida and Moser, Irene},
 title = {Entropy-based Adaptive Range Parameter Control for Evolutionary Algorithms},
 booktitle = {Proceedings of the 15th Annual Conference on Genetic and Evolutionary Computation},
 series = {GECCO '13},
 year = {2013},
 location = {Amsterdam, The Netherlands},
 pages = {1501--1508},
 address = {New York, NY, USA},
} 

@article{eiben_1, 
  author = {Eiben, A.E. and Hinterding, R. and Michalewicz, Z.}, 
  journal = {Evolutionary Computation, IEEE Transactions on}, 
  title = {Parameter control in evolutionary algorithms}, 
  year =  {1999}, 
  month = {Jul}, 
  pages = {124-141}, 
}

@inproceedings{eiben_2,
 author = {Eiben, A. E. and Horvath, Mark and Kowalczyk, Wojtek and Schut, Martijn C.},
 title = {Reinforcement Learning for Online Control of Evolutionary Algorithms},
 booktitle = {Proceedings of the 4th International Conference on Engineering Self-organising Systems},
 series = {ESOA'06},
 year = {2007},
 location = {Hakodate, Japan},
 pages = {151--160},
 address = {Berlin, Heidelberg},
} 


@inproceedings{arpc, 
  author={Aleti, A. and Moser, I. and Mostaghim, S.}, 
  booktitle={Evolutionary Computation (CEC), 2012 IEEE Congress on}, 
  title={Adaptive Range Parameter Control}, 
  year={2012}, 
  month={June}, 
  pages={1-8}, 
}

@book{ skobtsov,
    author = {Юрий Александрович Скобцов},
    title = {{Основы эволюционных вычислений}},
    address = {Донецк},
    publisher = {ДонНТУ},
    year = {2008},
    hyphenation = {russian}
}

@book{eiben-ea,
    author      = {A. E. Eiben and J. E. Smith},
    title       = {{I}ntroduction to {E}volutionary {C}omputing},
    publisher   = {Springer-Verlag},
    address     = {Berlin, Heidelberg, New York},
    year        = {2007},
    langid      = {english}
}

@book{mitchell-ga,
    author      = {M. Mitchell},
    title       = {{A}n {I}ntroduction to {G}enetic {A}lgorithms},
    publisher   = {MIT Press},
    address     = {Cambridge, MA},
    year        = {1996},
    numpages    = {221},
    pagetotal   = {221},
    langid      = {english}
}

@book{sutton,
    author      = {R. S. Sutton and A. G. Barto},
    title       = {{R}einforcement {L}earning: {A}n {I}ntroduction},
    publisher   = {MIT Press},
    address     = {Cambridge, MA, USA},
    year        = {1998},
    langid      = {english}
}

@book{systems,
    author      = {С. И. Николенко and А. Л. Тулупьев},
    title       = {Самообучающиеся системы},
    address     = {М.},
    publiser    = {МЦНМО},
    year        = {2009},
    langid      = {russian}
}

@inproceedings{watkins,
    author = {Christopher J. C. H. Watkins and Peter Dayan},
    title = {Q-learning},
    booktitle = {Machine Learning},
    year = {1992},
    pages = {279--292}
}

@article{ gosavi,
    author      = {Abhijit Gosavi},
    title       = {{R}einforcement {L}earning: A {T}utorial {S}urvey and {R}ecent {A}dvances},
    journal     = {INFORMS Journal on Computing},
    volume      = {21},
    number      = {2},
    year        = {2009},
    pages       = {178-192},
    langid      = {english}
}

@article{stephens,
  author = {Stephens, M. A.}, 
  title = {Tests of fit for the logistic distribution based on the empirical distribution function},
  volume = {66}, 
  number = {3}, 
  pages = {591-595}, 
  year = {1979}, 
  journal = {Biometrika} 
}

@article{rosenbrock,
author = {Rosenbrock, H. H.}, 
title = {An Automatic Method for Finding the Greatest or Least Value of a Function},
volume = {3}, 
number = {3}, 
pages = {175-184}, 
year = {1960}, 
journal = {The Computer Journal} 
}

@article{rastrigin,
  author = {Rastrigin, L.A.},
  title = {Systems of extremal control},
  series = {Theoretical Foundations of Engineering Cybernetics Series},
  year = {1974},
  address = {Moscow},
}



